

@Article{bbggs:iet07,
author = {L. Baresi and D. Bianculli and C. Ghezzi and S. Guinea and P. Spoletini},
title = {Validation of web service compositions},
publisher = {IET},
year = {2007},
journal = {IET Software},
volume = {1},
number = {6},
pages = {219--232},
url = {http://link.aip.org/link/?SEN/1/219/1},
doi = {10.1049/iet-sen:20070027}
}

@InProceedings{bjbgf:icsoc07,
  author = 	 {Domenico Bianculli and Radu Jorca and Walter Binder and Carlo Ghezzi and
  Boi Faltings},
  title = 	 {Automated Dynamic Maintenance of Composite Services
  based on Service Reputation},
  booktitle = {Proceedings of ICSOC'07, International Conference on Service-Oriented Computing},
  year = 	 2007,
  month = 	 {September},
  pages = 	 {449--455},
  volume = 	 4749,
  series = 	 {Lecture Notes in Computer Science},
  publisher = {Springer-Verlag}}

@InProceedings{bg:soswe07,
  author = 	 {Domenico Bianculli and Carlo Ghezzi},
  title = 	 {Monitoring Conversational Web Services},
  booktitle = {Proceedings of the 2nd International Workshop on Service-Oriented Software Engineering (IW-SOSWE'07), co-located with ESEC/FSE 2007},
  year = 	 2007,
  month = 	 {September},
  pages = 	 {15--21},
  address = 	 {New York, NY, USA},
  publisher = {ACM Press}}

@inproceedings{BSMPS:FSEN07,
  author =   {Domenico Bianculli and Paola Spoletini and Angelo Morzenti and Matteo Pradella and Pierluigi {San Pietro}},
  title =    {Model checking temporal metric specification with {Trio2Promela}},
  booktitle = {Proceedings of International Symposium on Fundamentals of Software Engineering (FSEN 2007)},
  publisher = {Springer Verlag},
  series = {Lecture Notes in Computer Science},
  year =     2007,
  pages = 	 {388--395},
  volume = 	 4767,
  month = 	 {April},
}

@INPROCEEDINGS{bmpss:icse07,
    author = {Domenico Bianculli  and Angelo Morzenti and Matteo Pradella and  San Pietro, Pierluigi and   Paola Spoletini},
    title = {{Trio2Promela}: a Model Checker for Temporal Metric Specifications},
    booktitle = {29th International Conference on Software Engineering (ICSE'07 Companion)},
    month = {May},
    year = {2007}, 
     location = {Minneapolis, MN},
note={Research Demo.},
isbn = {0-7695-2892-9},
pages = {61--62},
doi = {http://doi.ieeecomputersociety.org/10.1109/ICSECOMPANION.2007.79},
publisher = {IEEE Computer Society},
address = {Los Alamitos, CA, USA},
}

@INPROCEEDINGS{bgs:soca07,
  AUTHOR = {Domenico Bianculli and Carlo Ghezzi and Paola Spoletini},
  TITLE = {A model checking approach to verify {BPEL4WS} workflows},
  BOOKTITLE = {{Proceedings of the 2007 IEEE International Conference on Service-Oriented Computing and Applications (IEEE SOCA 2007)}},
  MONTH = JUN,
  year = 	 2007,
  publisher= "IEEE Computer Society Press",
  pages= "13--20"
}

@INPROCEEDINGS{bbggs:icws2007,
    author = {Luciano Baresi and Domenico Bianculli and Carlo Ghezzi and Sam Guinea and Paola Spoletini},
    title = {A Timed extension of {WSCoL}},
    booktitle = {Proceedings of the IEEE International Conference on Web Services (ICWS 2007)},
    month = {July},
    year = {2007}, 
    location = {Salt Lake City, Utah},
 publisher= "IEEE Computer Society Press",
  pages= "663--670"
}

@book{annabook,
 author = {David C. Luckham and Friedrich W. von Henke and Bernd Krieg-Brueckner and Olaf Owe},
 title = {{ANNA}: a language for annotating Ada programs},
 year = {1987},
 isbn = {0-387-17980-1},
 publisher = {Springer-Verlag},
 address = {New York, NY, USA},
 }

@Unpublished {bpelspec,
author =	 "Andrews, Tony and Curbera, Francisco and Dholakia,
                  Hitesh and Goland, Yaron and Klein, Johannes and
                  Leymann, Frank and Liu, Kevin and Roller, Dieter and
                  Smith, Doug and Thatte, Satish and Trickovic, Ivana
                  and Weerawarana, Sanjiva",
title =	 "{Business Process Execution Language for Web
                  Services, Version 1.1}",
Month =	 may,
year =	 2003,
note = {BPEL4WS specification}

}